<record><leader>00000cas a2200000 a 4500</leader><controlfield tag="001">11775552</controlfield><controlfield tag="008">850307d19041979ksuwr ne      0   a0eng d</controlfield><datafield ind1=" " ind2=" " tag="010"><subfield code="a">sn 85030990 </subfield></datafield><datafield ind1=" " ind2=" " tag="040"><subfield code="a">KSH</subfield><subfield code="b">eng</subfield><subfield code="c">KSH</subfield><subfield code="d">NPT</subfield><subfield code="d">OCL</subfield><subfield code="d">OCLCQ</subfield></datafield><datafield ind1=" " ind2=" " tag="042"><subfield code="a">msc</subfield></datafield><datafield ind1="0" ind2=" " tag="130"><subfield code="a">Florence bulletin (Florence, Kan. : 1904)</subfield></datafield><datafield ind1="1" ind2="4" tag="245"><subfield code="a">The Florence bulletin.</subfield></datafield><datafield ind1=" " ind2=" " tag="260"><subfield code="a">Florence, Kan. :</subfield><subfield code="b">D.F. Hancock,</subfield><subfield code="c">1904-1979.</subfield></datafield><datafield ind1=" " ind2=" " tag="300"><subfield code="a">74 v. :</subfield><subfield code="b">ill. ;</subfield><subfield code="c">55 cm.</subfield></datafield><datafield ind1=" " ind2=" " tag="310"><subfield code="a">Weekly</subfield></datafield><datafield ind1="0" ind2=" " tag="362"><subfield code="a">Vol. 18, no. 1 (Mar. 10, 1904)-v. 92, no. 21 (May 31, 1979).</subfield></datafield><datafield ind1=" " ind2=" " tag="500"><subfield code="a">Publisher varies.</subfield></datafield><datafield ind1=" " ind2=" " tag="580"><subfield code="a">Merged with: Burns news and Peabody gazette-herald, to form: Gazette bulletin.</subfield></datafield><datafield ind1=" " ind2=" " tag="752"><subfield code="a">United States</subfield><subfield code="b">Kansas</subfield><subfield code="c">Marion</subfield><subfield code="d">Florence.</subfield></datafield><datafield ind1="0" ind2="0" tag="780"><subfield code="t">Marion County news-bulletin</subfield><subfield code="w">(DLC)sn 85030989</subfield></datafield><datafield ind1="1" ind2="7" tag="785"><subfield code="t">Burns news</subfield><subfield code="w">(DLC)sn 85030981</subfield></datafield><datafield ind1="1" ind2="7" tag="785"><subfield code="t">Peabody gazette-herald</subfield><subfield code="w">(DLC)sn 85031037</subfield></datafield><datafield ind1="1" ind2="7" tag="785"><subfield code="t">Gazette bulletin</subfield><subfield code="w">(DLC)sn 85031038</subfield></datafield></record>